@techreport{Datasheet:GP2Y0A710K0F,
    author          = {{Sharp Corporation}},
    institution     = {{Sharp Corporation}},
    title           = {{GP2Y0A710K0F Distance Measuring Sensor Unit Measuring distance: 100 to 550 cm Analog output type}},
    type            = {{Datasheet}},
    address         = {{22-22 Nagaike-cho, Abeno-ku, Osaka 545-8522, Japan}},
    year            = {2006}
}

@misc{wiki:gimp2_farbmodelle,
    author          = {{Wikibooks}},
    title           = {{GIMP/ Band2/ Farbmodelle --- Wikibooks{,} Die freie Bibliothek}},
    year            = {{2012}},
    url             = {{http://de.wikibooks.org/w/index.php?title=GIMP/_Band2/_Farbmodelle&oldid=644737}},
    note            = {{[Online; abgerufen am 3. Dezember 2014]}}
}

@misc{img:info,
    author          = {{Holger Krei√ül}},
    title           = {{Bildverstehen - Grundlagen Bilderkennung und Bildverstehen.}},
    year            = {{2014}},
    url             = {{http://www.kreissl.info/bilderkennung.php}},
    note            = {{[Online; abgerufen am 11. Oktober 2014]}}
}

@misc{img:help,
    author          = {{Julia Peterwitz}},
    title           = {{Grundlagen: Bildverarbeitung / Objekterkennung}},
    year            = {{2006}},
    url             = {{http://www9.in.tum.de/seminare/hs.SS06.EAMA/material/01_ausarbeitung.pdf}},
    note            = {{[Online; abgerufen am 10. Oktober 2014]}}
}

@misc{img:netbeans,
    author          = {{Soham Gandhi}},
    title           = {{How to Use OpenCV with Java under NetBeans IDE}},
    year            = {{2014}},
    url             = {{http://www.codeproject.com/Tips/717283/How-to-Use-OpenCV-with-Java-under-NetBeans-IDE}},
    note            = {{[Online; abgerufen am 11. Oktober 2014]}}
}

@techreport{hslu:aufgabe,
    author          = {{Adrian Omlin}},
    institution     = {{Hochschule Luzern - Technik \& Architektur}},
    title           = {{Aufgabenstellung PREN1 Herbstsemester 2014}},
    year            = {{2014}}
}

